@misc{raytracingpic,
	title = {An Overview of the Ray-Tracing Rendering Technique},
	howpublished ={\url{https://www.scratchapixel.com/lessons/3d-basic-rendering/ray-tracing-overview}},
	note = {Accessed: 2018-03-07}
}